<record xmlns="http://www.loc.gov/MARC21/slim" xmlns:xsi="http://www.w3.org/2001/XMLSchema-instance" xsi:schemaLocation="http://www.loc.gov/MARC21/slim http://www.loc.gov/standards/marcxml/schema/MARC21slim.xsd"><leader>02668nam a2200529   4500</leader><controlfield tag="001">1894738</controlfield><controlfield tag="003">NNC</controlfield><controlfield tag="006">m        d        </controlfield><controlfield tag="007">cr cn |||m|||a</controlfield><controlfield tag="008">150223m19239999le      ob    001 0 arard</controlfield><datafield ind1=" " ind2=" " tag="040"><subfield code="a">NNU</subfield><subfield code="b">eng</subfield><subfield code="e">rda</subfield><subfield code="c">NNU</subfield></datafield><datafield ind1=" " ind2=" " tag="043"><subfield code="a">aw-----</subfield><subfield code="a">ff-----</subfield><subfield code="a">e-sp---</subfield></datafield><datafield ind1=" " ind2="4" tag="050"><subfield code="a">PJ7631.A216</subfield><subfield code="b">S25</subfield></datafield><datafield ind1="0" ind2=" " tag="100"><subfield code="6">880-01</subfield><subfield code="a">Abu&#772; al-Faraj al-Is&#803;baha&#772;ni&#772;,</subfield><subfield code="d">897 or 898-967.</subfield></datafield><datafield ind1="1" ind2="0" tag="240"><subfield code="6">880-02</subfield><subfield code="a">Kita&#772;b al-agha&#772;ni&#772;.</subfield><subfield code="k">Selections</subfield></datafield><datafield ind1="1" ind2="0" tag="245"><subfield code="6">880-03</subfield><subfield code="a">Ranna&#772;t al-matha&#772;lith wa al-matha&#772;ni&#772; fi&#772; riwa&#772;ya&#772;t al-Agha&#772;ni&#772; /</subfield><subfield code="c">li-ja&#772;mi&#699;iha&#772; wa-mus&#803;ah&#803;h&#803;ih&#803;iha&#772; wa-mu&#699;alliq h&#803;awa&#772;shiyaha&#772; Ant&#803;u&#772;n S&#803;a&#772;lh&#803;a&#772;ni&#772; al-Yasu&#772;&#699;i&#772;.</subfield></datafield><datafield ind1=" " ind2=" " tag="250"><subfield code="6">880-04</subfield><subfield code="a">T&#803;ab&#699;ah 3.</subfield></datafield><datafield ind1=" " ind2=" " tag="260"><subfield code="6">880-05</subfield><subfield code="a">Bayru&#772;t :</subfield><subfield code="b">al-Mat&#803;ba&#699;ah al-Ka&#772;thu&#772;li&#772;ki&#772;yah,</subfield><subfield code="c">1923-</subfield></datafield><datafield ind1=" " ind2=" " tag="300"><subfield code="a">online resource (volumes)</subfield></datafield><datafield ind1=" " ind2=" " tag="336"><subfield code="a">text</subfield><subfield code="2">rdacontent</subfield></datafield><datafield ind1=" " ind2=" " tag="337"><subfield code="a">computer</subfield><subfield code="2">rdamedia</subfield></datafield><datafield ind1=" " ind2=" " tag="338"><subfield code="a">online resource</subfield><subfield code="2">rdacarrier</subfield></datafield><datafield ind1=" " ind2=" " tag="500"><subfield code="a">Part of the Arabic Collections Online (ACO) project, contributed by Columbia University Libraries.</subfield></datafield><datafield ind1=" " ind2=" " tag="504"><subfield code="a">Includes bibliographical references and indexes.</subfield></datafield><datafield ind1="0" ind2=" " tag="505"><subfield code="a">al-juz&#700; 1. Fi&#772; al-Riwa&#772;ya&#772;t al-adabi&#772;yah.</subfield></datafield><datafield ind1=" " ind2=" " tag="533"><subfield code="a">Electronic reproduction.</subfield><subfield code="b">New York, N.Y. :</subfield><subfield code="c">New York University,</subfield><subfield code="d">2015.</subfield><subfield code="5">NNU</subfield></datafield><datafield ind1=" " ind2="0" tag="650"><subfield code="a">Arabic poetry.</subfield></datafield><datafield ind1=" " ind2="0" tag="650"><subfield code="a">Poets, Arab</subfield><subfield code="v">Biography.</subfield></datafield><datafield ind1=" " ind2="0" tag="650"><subfield code="a">Music</subfield><subfield code="z">Islamic Empire.</subfield></datafield><datafield ind1=" " ind2="7" tag="650"><subfield code="a">Arabic poetry.</subfield><subfield code="2">fast</subfield><subfield code="0">(OCoLC)fst00812533</subfield></datafield><datafield ind1=" " ind2="7" tag="650"><subfield code="a">Music</subfield><subfield code="2">fast</subfield><subfield code="0">(OCoLC)fst01030269</subfield></datafield><datafield ind1=" " ind2="7" tag="650"><subfield code="a">Poets, Arab.</subfield><subfield code="2">fast</subfield><subfield code="0">(OCoLC)fst01067812</subfield></datafield><datafield ind1=" " ind2="7" tag="651"><subfield code="a">Islamic Empire.</subfield><subfield code="2">fast</subfield><subfield code="0">(OCoLC)fst01244134</subfield></datafield><datafield ind1=" " ind2="7" tag="655"><subfield code="a">Biography.</subfield><subfield code="2">fast</subfield><subfield code="0">(OCoLC)fst01423686</subfield></datafield><datafield ind1="1" ind2=" " tag="700"><subfield code="6">880-06</subfield><subfield code="a">S&#803;a&#772;lih&#803;a&#772;ni&#772;, Ant&#803;u&#772;n.</subfield></datafield><datafield ind1="2" ind2=" " tag="710"><subfield code="a">Columbia University.</subfield><subfield code="b">Libraries.</subfield></datafield><datafield ind1="0" ind2=" " tag="730"><subfield code="a">Arabic Collections Online.</subfield></datafield><datafield ind1="0" ind2="8" tag="776"><subfield code="i">Print version:</subfield><subfield code="a">Abu&#772; al-Faraj al-Is&#803;baha&#772;ni&#772;, 897 or 898-967.</subfield><subfield code="t">Ranna&#772;t al-matha&#772;lith wa al-matha&#772;ni&#772; fi&#772; riwa&#772;ya&#772;t al-Agha&#772;ni&#772;</subfield><subfield code="w">(NNC)1894738</subfield><subfield code="w">(OCoLC)36264396</subfield></datafield><datafield ind1="4" ind2="0" tag="856"><subfield code="u">http://hdl.handle.net/2333.1/djh9w2p1</subfield></datafield><datafield ind1="0" ind2=" " tag="880"><subfield code="6">100-01/r</subfield><subfield code="a">&#1575;&#1576;&#1608; &#1575;&#1604;&#1601;&#1585;&#1580; &#1575;&#1604;&#1575;&#1589;&#1576;&#1607;&#1575;&#1606;&#1610;&#1548;</subfield><subfield code="d">897 or 898-967.</subfield></datafield><datafield ind1="1" ind2="0" tag="880"><subfield code="6">240-02/r</subfield><subfield code="a">&#1603;&#1578;&#1575;&#1576; &#1575;&#1604;&#1575;&#1594;&#1575;&#1606;&#1610;.</subfield><subfield code="k">Selections</subfield></datafield><datafield ind1="1" ind2="0" tag="880"><subfield code="6">245-03/r</subfield><subfield code="a">&#1585;&#1606;&#1575;&#1578; &#1575;&#1604;&#1605;&#1579;&#1575;&#1604;&#1579; &#1608; &#1575;&#1604;&#1605;&#1579;&#1575;&#1606;&#1610; &#1601;&#1610; &#1585;&#1608;&#1575;&#1610;&#1575;&#1578; &#1575;&#1604;&#1575;&#1594;&#1575;&#1606;&#1610; /</subfield><subfield code="c">&#1604;&#1580;&#1575;&#1605;&#1593;&#1607;&#1575; &#1608;&#1605;&#1589;&#1581;&#1581;&#1607;&#1575; &#1608;&#1605;&#1593;&#1604;&#1602; &#1581;&#1608;&#1575;&#1588;&#1610;&#1607;&#1575; &#1575;&#1606;&#1591;&#1608;&#1606; &#1589;&#1575;&#1604;&#1581;&#1575;&#1606;&#1610; &#1575;&#1604;&#1610;&#1587;&#1608;&#1593;&#1610;.</subfield></datafield><datafield ind1=" " ind2=" " tag="880"><subfield code="6">250-04/r</subfield><subfield code="a">&#1591;&#1576;&#1593;&#1577; &#1635;.</subfield></datafield><datafield ind1=" " ind2=" " tag="880"><subfield code="6">260-05/r</subfield><subfield code="a">&#1576;&#1610;&#1585;&#1608;&#1578; :</subfield><subfield code="b">&#1575;&#1604;&#1605;&#1591;&#1576;&#1593;&#1577; &#1575;&#1604;&#1603;&#1575;&#1579;&#1608;&#1604;&#1610;&#1603;&#1610;&#1577;&#1548;</subfield><subfield code="c">1923-</subfield></datafield><datafield ind1="1" ind2=" " tag="880"><subfield code="6">700-06/r</subfield><subfield code="a">&#1589;&#1575;&#1604;&#1581;&#1575;&#1606;&#1610; &#1548;&#1575;&#1606;&#1591;&#1608;&#1606;.</subfield></datafield><datafield ind1=" " ind2=" " tag="959"><subfield code="a">NNU</subfield><subfield code="b">WEB</subfield><subfield code="c">GENI</subfield><subfield code="t">0</subfield><subfield code="m">Electronic access</subfield><subfield code="s">01</subfield></datafield><datafield ind1=" " ind2=" " tag="999"><subfield code="i">NNC_1894738</subfield><subfield code="o">(OCoLC)36264396</subfield><subfield code="s">columbia_aco000055:v.1</subfield></datafield></record>